=LDR  03139cas a2200649 i 4500
=001  017411357
=003  Uk
=005  20230223162326.0
=006  m\\\\\\\\d\\||||||
=007  cr\|||||||||||
=008  100519c19999999bw\mr\\\o\\\\f0\\\c0rusod
=FMT  \\$a  SE
=035  \\$a(OCoLC)622499920
=040  \\$aOCLCE$beng$cOCLCE$dOCLCF$dOCLCO$dUk
=041  0\$arus$abel
=042  \\$aukblsr
=043  \\$ae-bw---
=050  \4$aKLF1.5$b.B444
=082  04$a351.47805$223
=110  1\$aBelarus.
=245  10$aNat︠s︡ionalʹnyĭ reestr pravovykh aktov Respubliki Belarusʹ$h[electronic resource].
=260  \\$aMinsk :$bNat︠s︡ionalʹnyĭ t︠s︡entr pravovoĭ informat︠s︡ii Respubliki Belarusʹ,$c1999-
=310  \\$aTwelve issues monthly,$bJan. 2002-
=321  \\$aTwo issues weekly,$bJan. 1999-Dec. 1999
=321  \\$a10 issues monthly,$bJan. 2000-Dec. 2001
=336  \\$atext$2rdacontent
=337  \\$acomputer$2rdamedia
=338  \\$aonline resource$2rdacarrier
=362  0\$a1999, no. 1 (5 i︠a︡nv. 1999)-
=515  \\$aNumbering begins each year with number 1.
=515  \\$aSome issues combined.
=546  \\$aIn Russian and Belarusian. Some issues are predominantly in Russian.
=580  \\$aIncludes information previously published in: Zbor dėkrėtaŭ, ukazaŭ Prėzidenta i pastanoŭ urada Rėspubliki Belarusʹ, and: Vedamast︠s︡i Nat︠s︡yi︠a︡nalʹnaha skhodu Rėspubliki Belarusʹ. Cf. letter from MIPP International.
=588  \\$aDescription based on print version record.
=650  \0$aLaw$zBelarus$vPeriodicals.
=650  \0$aGazettes$zBelarus.
=650  \7$aDelegated legislation.$2fast$0(OCoLC)fst00889920
=650  \7$aGazettes.$2fast$0(OCoLC)fst00939356
=650  \7$aLaw.$2fast$0(OCoLC)fst00993678
=651  \7$aBelarus.$2fast$0(OCoLC)fst01260637
=655  \7$aOfficial gazettes.$2fast$0(OCoLC)fst01774292
=655  \7$aPeriodicals.$2fast$0(OCoLC)fst01411641
=710  2\$aNat︠s︡ionalʹnyĭ t︠s︡entr pravovoĭ informat︠s︡ii Respubliki Belarusʹ.
=776  08$iPrint version:$aBelarus.$tNat︠s︡ionalʹnyĭ reestr pravovykh aktov Respubliki Belarusʹ$x1993-1301
=787  1\$aBelarus.$sLaws, etc. (Dėkrėty, ukazy, pastanovy).$tZbor dėkrėtaŭ, ukazaŭ Prėzidėnta i pastanoŭ urada Rėspubliki Belarusʹ
=787  1\$aBelarus.$sLaws, etc. (Vedamast︠s︡i Nat︠s︡yi︠a︡nalʹnaha skhodu Rėspubliki Belarusʹ).$tVedamast︠s︡i Nat︠s︡yi︠a︡nalʹnaha skhodu Rėspubliki Belarusʹ
=856  40$uhttp://ncpi.gov.by/$yOfficial gazette
=859  \\$aXLD$bNon-UK official document
=985  \\$aUpdated by MS generated file for WR2302-017
=CAT  \\$a3072$b40$c20150624$lBLL01$h1536
=CAT  \\$a3072$b40$c20150708$lBLL01$h1748
=CAT  \\$aW1606-1753$c20171029$lBLL01$h1346
=CAT  \\$aW2302-0174$c20230223$lBLL01$h2004
=FIN  \\$aY$d20150624
=LKR  \\$aPAR$b008524015$lBLL01$r776$mNat︠s︡ionalʹnyĭ reestr pravovykh aktov Respubliki Belarusʹ$nNacionalʹnyj reestr pravovyh aktov Respubliki Belarusʹ
=SID  \\$aZ39$bOCLC
=LAS  \\$aW2302-0174$b00$c20230223$lBLL01$h2004

