=LDR  02270cas a2200601 a 4500
=001  017417122
=003  Uk
=005  20230223162328.0
=006  m\\\\\|\\d\|\\\\\\
=007  cr\|||||||||||
=008  150629c19229999ie\er\p\o\\\\o0\\\b0eng\\
=FMT  \\$a  SE
=040  \\$aUk$beng$cUk$dUk
=042  \\$aukblsr
=082  04$a351.41705$223
=110  1\$aIreland.
=245  10$aIris oifigiúil$h[electronic resource].
=246  1\$iTitle bar variant:$aIrish state news
=260  \\$aDublin :$bStationery Office
=310  \\$aSemiweekly
=336  \\$atext$2rdacontent
=337  \\$acomputer$2rdamedia
=338  \\$aonline resource$2rdacarrier
=362  1\$aPrint began with 1922, no. 1 (31 Jan. 1922).
=500  \\$a"Published by authority."
=500  \\$a"Iris Oifigiúil is the official Irish State gazette".
=500  \\$aSome of title transliterated from Irish script.
=515  \\$aNumbering begins each year with: No. 1.
=525  \\$a"A number of supplements are published at varying times during the year".
=546  \\$aText in English and/or Irish.
=588  \\$aDescription based on print version record.
=588  \\$aLatest issue consulted: 2015, no. 51 (Friday 26 June 2015) (viewed June 29, 2015).
=650  \0$aGazettes$zIreland.
=650  \0$aLaw$zIreland.
=650  \7$aGazettes.$2fast$0(OCoLC)fst00939356
=650  \7$aLaw.$2fast$0(OCoLC)fst00993678
=651  \7$aIreland.$2fast$0(OCoLC)fst01226682
=655  \7$aOfficial gazettes.$2fast$0(OCoLC)fst01774292
=776  08$iPrint version:$aIreland.$tIris oifigiúil
=856  40$uhttp://www.irisoifigiuil.ie/$yOfficial gazette
=859  \\$aXLD$bNon-UK official document
=985  \\$aUpdated by MS generated file for WR2302-017
=CAT  \\$a3072$b40$c20150629$lBLL01$h1201
=CAT  \\$a3072$b40$c20150629$lBLL01$h1212
=CAT  \\$a3072$b40$c20150629$lBLL01$h1222
=CAT  \\$a3072$b40$c20150629$lBLL01$h1521
=CAT  \\$a3072$b40$c20150708$lBLL01$h1519
=CAT  \\$a3072$b40$c20150708$lBLL01$h1700
=CAT  \\$aW1606-1753$c20171029$lBLL01$h1346
=CAT  \\$aW2302-0174$c20230223$lBLL01$h2004
=FIN  \\$aY$d20150629
=LKR  \\$aPAR$b014897807$lBLL01$r776$mIris oifigiúil$nIris oifigiúil.
=LAS  \\$aW2302-0174$b00$c20230223$lBLL01$h2004

