=LDR  02171cas a2200553 a 4500
=001  017417261
=003  Uk
=005  20230223162328.0
=006  m\\\\\|\\d\|\\\\\\
=007  cr\|||||||||||
=008  150629c19479999mm\\x\p\o\\\\\0\\\a0eng\\
=FMT  \\$a  SE
=040  \\$aUk$beng$cUk
=041  0\$aeng$amlt
=042  \\$aukblsr
=082  04$a351.458505$223
=110  1\$aMalta.
=245  10$aMalta government gazette.$pSupplement A, Acts$h[electronic resource].
=246  1\$i2003/1 and 2003/2 have caption title:$aSuppliment tal-Gazetta tal-Gvern ta' Malta.$pTaqsima A.$f<2003>
=246  30$aActs
=264  \1$aValletta :$bDipartiment ta'l'Informazzjoni
=336  \\$atext$2rdacontent
=337  \\$acomputer$2rdamedia
=338  \\$aonline resource$2rdacarrier
=362  1\$aPrint began in 1947.
=588  \\$aDescription based on print version record.
=588  \\$aLatest issue consulted: 2015/17 (publisher's Web site, viewed July 6, 2015).
=650  \0$aGazettes$zMalta.
=650  \0$aLaw$zMalta.
=655  \7$aOfficial gazettes.$2fast$0(OCoLC)fst01774292
=776  08$iPrint version:$aMalta.$tMalta government gazette. Supplement A, Acts
=856  40$uhttp://justiceservices.gov.mt/LegalPublications.aspx?pageid=30&type=1$yOfficial gazette
=859  \\$aXLD$bNon-UK official document
=985  \\$aUpdated by MS generated file for WR2302-017
=CAT  \\$a3072$b40$c20150629$lBLL01$h1605
=CAT  \\$a3072$b40$c20150706$lBLL01$h1404
=CAT  \\$a3072$b40$c20150706$lBLL01$h1426
=CAT  \\$a3072$b40$c20150708$lBLL01$h1211
=CAT  \\$a3072$b40$c20150708$lBLL01$h1212
=CAT  \\$a3072$b40$c20150708$lBLL01$h1213
=CAT  \\$a3072$b40$c20150708$lBLL01$h1346
=CAT  \\$a3072$b40$c20150708$lBLL01$h1404
=CAT  \\$a3072$b40$c20150708$lBLL01$h1435
=CAT  \\$a3072$b40$c20150708$lBLL01$h1647
=CAT  \\$aW1606-1753$c20171029$lBLL01$h1346
=CAT  \\$aW2302-0174$c20230223$lBLL01$h2004
=FIN  \\$aY$d20150708
=LKR  \\$aPAR$b011132298$lBLL01$r776$mMalta government gazette. Supplement A, Acts (Online)$nMALTA GOVERNMENT GAZETTE -SUPPLEMENT A- ACTS (Print)
=LAS  \\$aW2302-0174$b00$c20230223$lBLL01$h2004

