=LDR  02953cas a2200697 a 4500
=001  017433695
=003  Uk
=005  20230223162334.0
=006  m\\\\\o\\d\\\\\\\\
=007  cr||||||||||||
=008  111126c19619999lu\\x\\\o\\\\f0\\\b0fre\d
=FMT  \\$a  SE
=022  \\$a2354-5305
=035  \\$a(OCoLC)763124480
=040  \\$aOCLCE$beng$cOCLCE$dOCLCQ$dOCLCF$dOCL$dUk
=042  \\$aukblsr
=043  \\$ae-lu---
=050  \4$aKKK1.85$b.L893
=082  04$a351.493505$223
=110  1\$aLuxembourg.
=222  \0$aMémorial$b(Luxembourg. Service central de législation. En ligne)
=245  10$aMémorial.$nA,$pRecueil de législation$h[electronic resource] :$bjournal officiel du Grand-Duché de Luxembourg : Amtsblatt des Grossherzogtums Luxemburg.
=246  13$aRecueil de législation
=246  13$aJournal officiel du Grand-Duché de Luxembourg
=246  13$aAmtsblatt des Grossherzogtums Luxemburg
=260  \\$aLuxembourg :$bImpr. Buck
=264  31$aLuxembourg :$bService Central de Legislation
=310  \\$aIrregular
=336  \\$atext$2rdacontent
=337  \\$acomputer$2rdamedia
=338  \\$aonline resource$2rdacarrier
=362  1\$aPrint began in 1961.
=515  \\$aNo 236 (27 déc. 2007) called 2008 on front cover.
=580  \\$aWeb site includes issues of earlier titles to 1789, and a few issues to 1617; also includes: Annexes and: Extraits du mémorial.
=588  \\$aDescription based on print version record.
=588  \\$aLatest issue consulted: no. 125 (2 juillet 2015) (viewed July 7, 2015).
=650  \0$aGazettes$zLuxembourg.
=651  \0$aLuxembourg$xPolitics and government$vPeriodicals.
=650  \7$aPolitics and government.$2fast$0(OCoLC)fst01919741
=651  \7$aLuxembourg.$2fast$0(OCoLC)fst01211813
=655  \7$aOfficial gazettes.$2fast$0(OCoLC)fst01774292
=710  1\$aLuxembourg.$bService central de législation,$eissuing body.
=787  08$iPrint version of A & B:$aLuxembourg.$tMémorial
=776  08$iDVD-ROM version, -1980/2001:$aLuxembourg.$tMémorial A, Recueil de législation
=780  11$aLuxembourg.$tMémorial du Grand-Duché de Luxembourg
=859  \\$aXLD$bNon-UK official document
=856  40$uhttp://www.legilux.public.lu/leg/a/index.php$yOfficial gazette
=985  \\$aUpdated by MS generated file for WR2302-017
=CAT  \\$a3072$b40$c20150707$lBLL01$h1157
=CAT  \\$a3072$b40$c20150707$lBLL01$h1201
=CAT  \\$a3072$b40$c20150707$lBLL01$h1406
=CAT  \\$a3072$b40$c20150708$lBLL01$h1631
=CAT  \\$a3072$b40$c20150708$lBLL01$h1636
=CAT  \\$a3072$b40$c20150708$lBLL01$h1638
=CAT  \\$a3072$b40$c20150708$lBLL01$h1640
=CAT  \\$aW1606-1753$c20171029$lBLL01$h1346
=CAT  \\$aW2302-0174$c20230223$lBLL01$h2004
=FIN  \\$aY$d20150708
=LKR  \\$aPAR$b013127546$lBLL01$r776$mMémorial A (Online)$nMémorial A (DVD-ROM)
=SID  \\$aZ39$bOCLC
=LAS  \\$aW2302-0174$b00$c20230223$lBLL01$h2004

