=LDR  02507cas a2200637 a 4500
=001  017433749
=003  Uk
=005  20230223162334.0
=006  m\\\\\|\\d\|\\\\\\
=007  cr\|||||||||||
=008  980619c19619999lu\\x\\\\\\\\f0\\\b0fre\c
=FMT  \\$a  SE
=010  \\$a  2002204505
=035  \\$a(OCoLC)39318276
=040  \\$aBXS$beng$cBXS$dOCL$dDLC$dOCLCQ$dDLC$dOCLCF$dOCL$dUk
=042  \\$aukblsr
=043  \\$ae-lu---
=050  00$aKKK1.5$b.L894
=082  04$a351.493505$223
=110  1\$aLuxembourg.
=245  10$aMemorial.$nB,$pRecueil administratif et économique$h[electronic resource] :$bjournal officiel du Grand-Duché de Luxembourg : Amtsblatt des Grossherzogtums Luxemburg.
=246  30$aRecueil administratif et économique
=246  30$aJournal officiel du Grand-Duché de Luxembourg
=246  30$aAmtsblatt des Grossherzogtums Luxemburg
=260  \\$aLuxembourg :$bImpr. Buck
=264  31$aLuxembourg :$bService Central de Legislation
=310  \\$aIrregular
=336  \\$atext$2rdacontent
=337  \\$acomputer$2rdamedia
=338  \\$aonline resource$2rdacarrier
=362  1\$aPrint began in 1961.
=580  \\$aWeb site includes issues of earlier titles to 1854l.
=588  \\$aDescription based on print version record.
=588  \\$aLatest issue consulted: no. 74 (3 juillet 2015) (viewed July 7, 2015).
=650  \0$aGazettes$zLuxembourg.
=650  \0$aLaw$zLuxembourg.
=651  \0$aLuxembourg$xPolitics and government$vPeriodicals.
=650  \7$aLaw.$2fast$0(OCoLC)fst00993678
=650  \7$aGazettes.$2fast$0(OCoLC)fst00939356
=650  \7$aPolitics and government.$2fast$0(OCoLC)fst01919741
=651  \7$aLuxembourg.$2fast$0(OCoLC)fst01211813
=655  \7$aOfficial gazettes.$2fast$0(OCoLC)fst01774292
=710  1\$aLuxembourg.$bService central de législation,$eissuing body.
=780  11$aLuxembourg.$tMémorial du Grand-Duché de Luxembourg
=787  08$iPrint version of A+B:$aLuxembourg.$tMémorial
=856  40$uhttp://www.legilux.public.lu/adm/index.html$yOfficial gazette
=859  \\$aXLD$bNon-UK official document
=985  \\$aUpdated by MS generated file for WR2302-017
=CAT  \\$a3072$b40$c20150707$lBLL01$h1401
=CAT  \\$a3072$b40$c20150708$lBLL01$h1641
=CAT  \\$a3072$b40$c20150708$lBLL01$h1642
=CAT  \\$aW1606-1753$c20171029$lBLL01$h1346
=CAT  \\$aW2302-0174$c20230223$lBLL01$h2004
=FIN  \\$aY$d20150708
=SID  \\$aZ39$bOCLC
=LAS  \\$aW2302-0174$b00$c20230223$lBLL01$h2004

