=LDR  02727cas a2200673 a 4500
=001  017433752
=003  Uk
=005  20230223162334.0
=006  m\\\\\|\\d\|\\\\\\
=007  cr\|||||||||||
=008  020212c19959999lu\\x\\\\\\\\f0\\\b0fre\\
=FMT  \\$a  SE
=010  \\$a  2002204506
=035  \\$a(OCoLC)48983192
=040  \\$aDLC$beng$cDLC$dDLC$dOCLCQ$dOCLCF$dOCLCO$dUk
=042  \\$aukblsr
=043  \\$ae-lu---
=050  00$aHD2873.5$b.A15
=082  04$a351.493505$223
=110  1\$aLuxembourg.
=245  10$aMémorial.$nC,$pRecueil des sociétés et associations$h[electronic resource] :$bjournal officiel du Grand-Duché de Luxembourg : Amtsblatt des Grossherzogtums Luxemburg.
=246  30$aRecueil des sociétés et associations
=246  30$aJournal officiel du Grand-Duché de Luxembourg
=246  30$aAmtsblatt des Grossherzogtums Luxemburg
=260  \\$aLuxembourg :$bImpr. Buck,$c1995-
=264  31$aLuxembourg :$bService Central de Legislation
=310  \\$aIrregular
=336  \\$atext$2rdacontent
=337  \\$acomputer$2rdamedia
=338  \\$aonline resource$2rdacarrier
=362  0\$a12 janv. 1995, no 18-
=520  \\$aPublication concerning commercial companies, and non-profit foundations.
=515  \\$aNumbering repeats each year.
=588  \\$aDescription based on print version record.
=588  \\$aLatest issue consulted: no. 1667 (6 juillet 2015) (viewed July 7, 2015).
=650  \0$aGazettes$zLuxembourg.
=650  \0$aCorporations$zLuxembourg.
=650  \0$aPublic utilities$zLuxembourg.
=650  \7$aCorporations.$2fast$0(OCoLC)fst00879777
=650  \7$aPublic utilities.$2fast$0(OCoLC)fst01083130
=651  \7$aLuxembourg.$2fast$0(OCoLC)fst01211813
=655  \7$aOfficial gazettes.$2fast$0(OCoLC)fst01774292
=710  1\$aLuxembourg.$bService central de législation,$eissuing body.
=776  08$iPrint version:$aLuxembourg.$tMémorial, C
=780  00$aLuxembourg.$tMémorial. C, Recueil spécial des sociétés et associations
=856  40$uhttp://www.legilux.public.lu/entr/index.php$yOfficial gazette
=859  \\$aXLD$bNon-UK official document
=985  \\$aUpdated by MS generated file for WR2302-017
=CAT  \\$a3072$b40$c20150707$lBLL01$h1403
=CAT  \\$a3072$b40$c20150707$lBLL01$h1421
=CAT  \\$a3072$b40$c20150707$lBLL01$h1426
=CAT  \\$a3072$b40$c20150708$lBLL01$h1643
=CAT  \\$a3072$b40$c20150708$lBLL01$h1753
=CAT  \\$aW1606-1753$c20171029$lBLL01$h1346
=CAT  \\$aW2302-0174$c20230223$lBLL01$h2004
=FIN  \\$aY$d20150708
=LKR  \\$aPAR$b015475486$lBLL01$r776$mMémorial C (Online)$nMémorial C (Print)
=SID  \\$aZ39$bOCLC
=LAS  \\$aW2302-0174$b00$c20230223$lBLL01$h2004

