=LDR  02655cas a2200649 a 4500
=001  017433915
=003  Uk
=005  20230223162335.0
=006  m\\\\\|\\d\|\\\\\\
=007  cr\|||||||||||
=008  001208c19979999au\\x\p\\l\\\f0\\\b0ger\c
=FMT  \\$a  SE
=040  \\$aUk$beng$cUk
=042  \\$aukblsr
=043  \\$ae-au---
=050  00$aKJJ7$b.A92
=082  04$a351.43605$223
=110  1\$aAustria.
=245  10$aBundesgesetzblatt für die Republik Österreich.$nTeil I$h[electronic resource].
=260  \\$aWien :$bÖsterreichische Staatsdruckerei,$c[1997]-
=264  \1$a[Wien] :$bBundeskanzleramt Österreichisch
=310  \\$aIrregular
=336  \\$atext$2rdacontent
=337  \\$acomputer$2rdamedia
=338  \\$aonline resource$2rdacarrier
=362  0\$aPrint began with Jahrg. 1997, Nr. 1 (2. Jän. 1997).
=500  \\$aTitle from caption.
=500  \\$aTeil I contains Gesetze (laws).
=500  \\$aPublished: Wien : Print Media Austria AG, <2000>.
=588  \\$aDescription based on print version record.
=588  \\$aLatest issue consulted: Jahrg. 2015, 71 (7 Juli 2015) (Rechtsinformationssystem, viewed July 7, 2015).
=650  \0$aLaw$zAustria.
=650  \0$aGazettes$zAustria.
=650  \7$aGazettes.$2fast$0(OCoLC)fst00939356
=650  \7$aLaw.$2fast$0(OCoLC)fst00993678
=651  \7$aAustria.$2fast$0(OCoLC)fst01204901
=655  \7$aOfficial gazettes.$2fast$0(OCoLC)fst01774292
=776  08$iPrint version, -2007?:$aAustria.$tBundesgesetzblatt für die Republik Österreich, Teil I
=780  01$aAustria.$sBundesgesetzblatt für die Republik Österreich (1945).$tBundesgesetzblatt für die Republik Österreich
=856  40$uhttp://www.ris.bka.gv.at/Bgbl-Auth/$yOfficial gazette
=859  \\$aXLD$bNon-UK official document
=985  \\$aUpdated by MS generated file for WR2302-017
=CAT  \\$a3072$b40$c20150707$lBLL01$h1603
=CAT  \\$a3072$b40$c20150707$lBLL01$h1604
=CAT  \\$a3072$b40$c20150707$lBLL01$h1610
=CAT  \\$a3072$b40$c20150707$lBLL01$h1653
=CAT  \\$a3072$b40$c20150708$lBLL01$h1152
=CAT  \\$a3072$b40$c20150708$lBLL01$h1604
=CAT  \\$a3072$b40$c20150708$lBLL01$h1645
=CAT  \\$a3072$b40$c20150709$lBLL01$h0953
=CAT  \\$a3072$b40$c20150709$lBLL01$h1008
=CAT  \\$aW1606-1753$c20171029$lBLL01$h1346
=CAT  \\$aW2302-0174$c20230223$lBLL01$h2004
=FIN  \\$aY$d20150708
=LKR  \\$aPAR$b012441671$lBLL01$r776$mBundesgesetzblatt für die Republik Österreich. Teil I (Online)$nBundesgesetzblatt für die Republik Österreich.Teil I(Print)
=SID  \\$aZ39$bOCLC
=LAS  \\$aW2302-0174$b00$c20230223$lBLL01$h2004

