=LDR  01796cas a2200469 a 4500
=001  017439568
=003  Uk
=005  20230223162337.0
=006  m\\\\\|\\d\|\\\\\\
=007  cr\|||||||||||
=008  150708c19uu9999mm\\x\p\o\\\\\0\\\a0eng\\
=FMT  \\$a  SE
=040  \\$aUk$beng$cUk
=041  0\$aeng$amlt
=042  \\$aukblsr
=082  04$a351.458505$223
=110  1\$aMalta.
=245  10$aMalta government gazette.$pSupplement B, Legal notices$h[electronic resource].
=246  11$aSuppliment tal-Gazetta tal-Gvern ta' Malta.$pTaqsima B
=246  30$aLegal notices
=264  \1$aValletta :$bDipartiment ta'l'Informazzjoni
=336  \\$atext$2rdacontent
=337  \\$acomputer$2rdamedia
=338  \\$aonline resource$2rdacarrier
=588  \\$aDescription based on print version record.
=588  \\$aLatest issue consulted: 2015/25 (publisher's Web site, viewed July 7, 2015).
=650  \0$aGazettes$zMalta.
=650  \0$aLaw$zMalta.
=655  \7$aOfficial gazettes.$2fast$0(OCoLC)fst01774292
=776  08$iPrint version:$aMalta.$tMalta government gazette. Supplement B, Legal notices
=856  40$uhttp://justiceservices.gov.mt/LegalPublications.aspx?pageid=32&type=4$yOfficial gazette
=859  \\$aXLD$bNon-UK official document
=985  \\$aUpdated by MS generated file for WR2302-017
=CAT  \\$a3072$b40$c20150708$lBLL01$h1344
=CAT  \\$a3072$b40$c20150708$lBLL01$h1345
=CAT  \\$a3072$b40$c20150708$lBLL01$h1440
=CAT  \\$a3072$b40$c20150708$lBLL01$h1648
=CAT  \\$aW1606-1753$c20171029$lBLL01$h1346
=CAT  \\$aW2302-0174$c20230223$lBLL01$h2004
=FIN  \\$aY$d20150708
=LKR  \\$aPAR$b011132299$lBLL01$r776$mMalta government gazette. Supplement B$nMALTA GOVERNMENT GAZETTE -SUPPLEMENT B
=LAS  \\$aW2302-0174$b00$c20230223$lBLL01$h2004

