=LDR  02082cas a2200517 a 4500
=001  017439579
=003  Uk
=005  20230223162337.0
=006  m\\\\\|\\d\|\\\\\\
=007  cr\|||||||||||
=008  150629c194u9999mm\\x\p\o\\\\\0\\\a0eng\\
=FMT  \\$a  SE
=040  \\$aUk$beng$cUk
=041  0\$aeng$aita$amlt
=042  \\$aukblsr
=082  04$a351.458505$223
=110  1\$aMalta.
=245  10$aMalta government gazette.$pSupplement D, Bye-laws$h[electronic resource].
=246  11$aSuppliment tal-Gazetta tal-Gvern ta' Malta.$pTaqsima D
=246  30$aBye-laws
=246  30$aLocal bye-laws
=264  \1$aValletta :$bDipartiment ta'l'Informazzjoni
=336  \\$atext$2rdacontent
=337  \\$acomputer$2rdamedia
=338  \\$aonline resource$2rdacarrier
=362  1\$aPrint began in 1940s?
=588  \\$aDescription based on print version record.
=588  \\$aLatest issue consulted: 2/04/2014 (publisher's Web site, viewed July 8, 2015).
=650  \0$aGazettes$zMalta.
=650  \0$aLaw$zMalta.
=655  \7$aOfficial gazettes.$2fast$0(OCoLC)fst01774292
=776  08$iPrint version:$aMalta.$tMalta government gazette. Supplement D, Bye-laws
=856  40$uhttp://justiceservices.gov.mt/LegalPublications.aspx?pageid=33&type=3$yOfficial gazette
=859  \\$aXLD$bNon-UK official document
=856  40$uhttp://justiceservices.gov.mt/LegalPublications.aspx?pageid=31&type=2$yOfficial gazette
=856  40$uhttp://justiceservices.gov.mt/LegalPublications.aspx?pageid=30&type=1$yOfficial gazette
=985  \\$aUpdated by MS generated file for WR2302-017
=CAT  \\$a3072$b40$c20150708$lBLL01$h1401
=CAT  \\$a3072$b40$c20150708$lBLL01$h1446
=CAT  \\$a3072$b40$c20150708$lBLL01$h1653
=CAT  \\$a3072$b40$c20150713$lBLL01$h1105
=CAT  \\$aW1606-1753$c20171029$lBLL01$h1346
=CAT  \\$aW2302-0174$c20230223$lBLL01$h2004
=FIN  \\$aY$d20150708
=LKR  \\$aPAR$b008598763$lBLL01$r776$mMalta government gazette. Supplement D (Online)$nMalta government gazette. Supplement D (Print)
=LAS  \\$aW2302-0174$b00$c20230223$lBLL01$h2004

