=LDR  01724cas a2200457 a 4500
=001  017633083
=003  Uk
=005  20230223162500.0
=006  m\\\\\o\\d\f\\\\\\
=007  cr|un||||uuuuu
=008  130221c19uu9999acawr\p\o\l\\f0\\\a0eng\d
=FMT  \\$a  SE
=035  \\$a(OCoLC)828665338
=040  \\$aEMI$cEMI$dOCLCO$dOCLCF$dOCL
=042  \\$aukblsr
=043  \\$au-at---
=082  04$a351.94$223
=245  00$aAustralian government gazettes$h[electronic resource].
=246  30$aGazettes
=260  \\$a[Canberra] :$bGovernment of Australia
=336  \\$atext$2rdacontent
=337  \\$acomputer$2rdamedia
=338  \\$aonline resource$2rdacarrier
=500  \\$aTitle from Government home page (viewed Feb. 21, 2013).
=650  \0$aGazettes$zAustralia.
=651  \0$aAustralia$xPolitics and government.
=650  \7$aGazettes.$2fast$0(OCoLC)fst00939356
=650  \7$aPolitics and government.$2fast$0(OCoLC)fst01919741
=651  \7$aAustralia.$2fast$0(OCoLC)fst01204543
=655  \7$aOfficial gazettes.$2fast$0(OCoLC)fst01774292
=856  40$uhttp://www.australia.gov.au/about-government/publications/australian-government-gazettes$yOfficial gazette
=859  \\$aXLD$bNon-UK official document
=985  \\$aIN PROGRESS. OFFICIAL GAZETTES EXPERIMENT
=985  \\$aUpdated by MS generated file for WR2302-017
=CAT  \\$a3072$b40$c20151130$lBLL01$h1500
=CAT  \\$a3072$b40$c20151130$lBLL01$h1501
=CAT  \\$aW1606-1753$c20171029$lBLL01$h1348
=CAT  \\$aW2302-0174$c20230223$lBLL01$h2005
=LKR  \\$aPAR$b017586905$lBLL01$r773$mAustralian government gazettes$nCommonwealth of Australia gazette. Government notices
=SID  \\$aZ39$bOCLC
=LAS  \\$aW2302-0174$b00$c20230223$lBLL01$h2005

