=LDR  01900cas a2200445 i 4500
=001  017633131
=003  Uk
=005  20230223162500.0
=006  m\\\\\|\\d\|\\\\\\
=007  cr\|||||||||||
=008  151130c19uu9999ii\\x\p\o\\\\o0\\\a0eng\\
=FMT  \\$a  SE
=040  \\$aUk$beng$cUk$erda
=042  \\$aukblsr
=082  04$a351.54$223
=110  1\$aIndia,$eenacting jurisdiction.
=245  14$aThe gazette of India :$beGazette
=246  13$aeGazette
=264  \1$a[Delhi] :$bDirectorate of Printing, Department of Publication, Ministry of Urban Development, Government of India
=336  \\$atext$2rdacontent
=337  \\$acomputer$2rdamedia
=338  \\$aonline resource$2rdacarrier
=500  \\$aTitle from home page (viewed November 30, 2015).
=520  \\$aGazette of India consists of: Weekly gazette, extra ordinary gazette (also called extraodinary gazette), with links to state gazettes and other associated links. The gazette is issued in many parts and supplements, and is online only from October 1, 2015.
=650  \0$aGazettes$zIndia
=650  \0$aLaw$zIndia
=655  \7$aOfficial gazettes.$2fast$0(OCoLC)fst01774292
=710  1\$aIndia.$bMinistry of Urban Development,$eissuing body.
=856  40$uhttp://www.egazette.nic.in/$yOfficial gazette
=859  \\$aXLD$bNon-UK official document
=985  \\$aIN PROGRESS. OFFICIAL GAZETTES EXPERIMENT
=985  \\$a"Online only" info from Office memorandum/government circular on the website - goes back to 1922, no. 1 same title
=985  \\$aUpdated by MS generated file for WR2302-017
=CAT  \\$a3072$b40$c20151130$lBLL01$h1607
=CAT  \\$a3072$b40$c20151207$lBLL01$h1559
=CAT  \\$a3072$b40$c20151207$lBLL01$h1811
=CAT  \\$a3072$b40$c20160121$lBLL01$h1622
=CAT  \\$aW1606-1753$c20171029$lBLL01$h1348
=CAT  \\$aW2302-0174$c20230223$lBLL01$h2005
=LAS  \\$aW2302-0174$b00$c20230223$lBLL01$h2005

