=LDR  03161cas a2200697 i 4500
=001  017633240
=003  Uk
=005  20230223162501.0
=006  m\\\\\o\\d\\\\\\\\
=007  cr|un||||a||||
=008  110807c19189999pl\\x\\\o\l\\f0\\\b0pol\d
=FMT  \\$a  SE
=022  \\$a1689-3344$y0209-214X
=035  \\$a(OCoLC)745794758
=040  \\$aOCLCE$beng$cOCLCE$dOCLCQ$dOCLCF$dOCLCO$dOCL$dUk
=042  \\$aukblsr
=043  \\$ae-pl---
=050  \4$aKKP7$b.P65
=082  04$a351.438$223
=110  1\$aPoland.
=222  \0$aMonitor Polski$b(Online)
=245  10$aMonitor polski$h[electronic resource] :$bdziennik urze̦dowy Rzeczypospolitej Polskiej.
=246  30$aDziennik urze̦dowy Rzeczypospolitej Polskiej
=260  \\$aWarszawa :$b[Rada Ministrów]
=310  \\$aIrregular,$b<25. września 1939 r.->
=321  \\$aDaily (except Sundays and holidays),$b<1. lipca 1919 r.-27. kwietnia 1939 r.>
=336  \\$atext$2rdacontent
=337  \\$acomputer$2rdamedia
=338  \\$aonline resource$2rdacarrier
=362  1\$aPrint began in 1918.
=500  \\$aIssues for <2. paźdz.-a-1939 r.>-16. listop.-a 1939 published in Paris; 28. listop.-a 1939 r.-20. maja 1940, in Angers, France; 28. maja 1945 r.-19. lutego 1947, in Łódź; <2. maja 1947 r.-31. grudnia 1986 r.> in Warsaw.
=500  \\$aSubtitle varies slightly.
=515  \\$aPublication suspended 1941-44.
=515  \\$aVols. 1940-1945 called r. 23; 2. stycznia-22. maja, 1946 called r. 24; 27. maja-31. grudnia, 1946 called r. 25; 1 lipca 1947-29 grudnia 1947 r. called erroneously r. 25; beginning with vols. for 1950, vol. numbering is discontinued, but issues begin with nr 1 each year.
=515  \\$aVols. for July 2, 1948-Sept. 7, 1954 issued in two parallel parts, as cz. A and cz. B.
=515  \\$aSome issues published in combined numbers.
=525  \\$aHas supplements.
=588  \\$aDescription based on print version record.
=588  \\$aLatest issue consulted: 7. czewr. 2006 r.
=650  \0$aGazettes$zPoland.
=651  \0$aPoland$xPolitics and government$vPeriodicals.
=650  \7$aGAZETTES.$2unbist
=650  \7$aPOLAND.$2unbist
=650  \7$aGazettes.$2fast$0(OCoLC)fst00939356
=650  \7$aPolitics and government$2fast$0(OCoLC)fst01919741
=651  \7$aPoland.$2fast$0(OCoLC)fst01206891
=655  \7$aOfficial gazettes.$2fast$0(OCoLC)fst01774292
=655  \7$aPeriodicals.$2fast$0(OCoLC)fst01411641
=710  1\$aPoland.$bRada Ministrów.
=776  08$iMicroform version, -2011:$aPoland.$tMonitor polski
=856  40$uhttp://www.monitorpolski.gov.pl/$yOfficial gazette
=859  \\$aXLD$bNon-UK official document
=985  \\$aIN PROGRESS. OFFICIAL GAZETTES EXPERIMENT
=985  \\$aUpdated by MS generated file for WR2302-017
=CAT  \\$a3072$b40$c20151130$lBLL01$h1712
=CAT  \\$a3072$b40$c20151203$lBLL01$h1749
=CAT  \\$aW1606-1753$c20171029$lBLL01$h1348
=CAT  \\$aW2302-0174$c20230223$lBLL01$h2005
=LKR  \\$aPAR$b011768078$lBLL01$r776$mMonitor Polski (Online)$nMonitor polski : dziennik urze̦dowy Rzeczypospolitej Polskiej
=SID  \\$aZ39$bOCLC
=LAS  \\$aW2302-0174$b00$c20230223$lBLL01$h2005

