=LDR  02405cas a2200613 a 4500
=001  017645181
=003  Uk
=005  20230223162508.0
=006  m\\\\\o\\d\\\\\\\\
=007  cr||||||||||||
=008  120206c19189999pl\uu\\\o\\\\\0\\\b1pol\d
=FMT  \\$a  SE
=022  0\$y1689-3336$y0867-3411
=035  \\$a(OCoLC)775575381
=040  \\$aOCLCE$beng$cOCLCE$dOCLCQ$dOCLCF$dOCLCO$dUk
=042  \\$aukblsr
=043  \\$ae-pl---
=050  \4$aKKP12$b.P65
=082  04$a351.438$223
=110  1\$aPoland.
=245  10$aDziennik ustaw Rzeczypospolitej Polskiej$h[electronic resource].
=247  11$aDziennik ustaw polskiej rzeczypospolitiej ludowej$f1952, no. 1-$x0209-2123
=247  11$aDziennik praw pánstwa Polskiego$f1918-1919, no. 65$x0860-8822
=260  \\$aWarszawa,$c1918-
=336  \\$atext$2rdacontent
=337  \\$acomputer$2rdamedia
=338  \\$aonline resource$2rdacarrier
=362  0\$a1918-
=547  \\$aTitle varies: 1918-1919, no. 65: Dziennik praw pánstwa Polskiego; 1952, no. 1- : Dziennik ustaw polskiej rzeczypospolitiej ludowej.
=550  \\$aOct. 1939-May 1945 issued by the Government-in-exile.
=555  \\$aIncludes index.
=588  \\$aDescription based on print version record.
=650  \0$aLaw$zPoland.
=650  \7$aLaw.$2fast$0(OCoLC)fst00993678
=651  \7$aPoland.$2fast$0(OCoLC)fst01206891
=655  \7$aOfficial gazettes.$2fast$0(OCoLC)fst01774292
=710  1\$aPoland.$bMinisterstwo Sprawiedliwości.
=710  2\$aPolski Komitet Wyzwolenia Narodowego.
=710  1\$aPoland.$kLaws, statutes, etc.$g(Indexes)
=776  08$iPrint version, -2011:$aPoland.$tDziennik ustaw Rzeczypospolitej Polskiej$x0867-3411
=856  40$uhttp://www.dziennikustaw.gov.pl/$yOfficial gazette
=859  \\$aXLD$bNon-UK official document
=985  \\$aonline issn for Dziennik ustaw; not exact title match so put in {dollar}y.
=985  \\$aIN PROGRESS. OFFICIAL GAZETTES EXPERIMENT
=985  \\$aUpdated by MS generated file for WR2302-017
=CAT  \\$a3072$b40$c20151203$lBLL01$h1705
=CAT  \\$a3072$b40$c20151203$lBLL01$h1708
=CAT  \\$a3072$b40$c20151203$lBLL01$h1725
=CAT  \\$a3072$b40$c20160113$lBLL01$h1726
=CAT  \\$aW1606-1753$c20171029$lBLL01$h1348
=CAT  \\$aBATCH-UPD$b00$c20221209$lBLL01$h2036
=CAT  \\$aW2302-0174$c20230223$lBLL01$h2005
=SID  \\$aZ39$bOCLC
=LAS  \\$aW2302-0174$b00$c20230223$lBLL01$h2005

