=LDR  01643cas a2200457 i 4500
=001  017651192
=003  Uk
=005  20230223162510.0
=006  m\\\\\o\\d\\\\\\\\
=007  cr\|||||||||||
=008  040809c18149999ne\uu\p\o\\\\\0\\\b1dut\d
=FMT  \\$a  SE
=022  \\$y1569-2531
=040  \\$aUk$beng$cUk$erda
=042  \\$aukblsr
=082  04$a351.492$223
=110  1\$aNetherlands.
=245  10$aStaatscourant :$bofficiele uitgave van het Koninkrijk der Nederlanden sinds 1814.
=247  11$aNederlandse staatscourant$f2000-2001
=247  11$aStaatscourant$f1985-2000
=247  11$aNederlandsche staatscourant$f1814-1985
=264  \1$a's-Gravenhage :$b[SDU Uitgevers]
=310  \\$aDaily
=336  \\$atext$2rdacontent
=337  \\$acomputer$2rdamedia
=338  \\$aonline resource$2rdacarrier
=547  \\$aTitle varies slightly.
=588  \\$aDescription based on: Nr. 43046 (8 december 2015) (verheid.nl, viewed December 8, 2015).
=650  \0$aGazettes$zNetherlands.
=650  \0$aLaw$zNetherlands.
=655  \7$aOfficial gazettes.$2fast$0(OCoLC)fst01774292
=776  08$iPrint version:$aNetherlands.$tStaatscourant$x1569-2531
=856  40$uhttps://www.officielebekendmakingen.nl/staatscourant$yOfficial gazette
=859  \\$aXLD$bNon-UK official document
=985  \\$aIN PROGRESS. OFFICIAL GAZETTES EXPERIMENT
=985  \\$aUpdated by MS generated file for WR2302-017
=CAT  \\$a3072$b40$c20151208$lBLL01$h1653
=CAT  \\$a3072$b40$c20151208$lBLL01$h1654
=CAT  \\$aW1606-1753$c20171029$lBLL01$h1348
=CAT  \\$aW2302-0174$c20230223$lBLL01$h2005
=LAS  \\$aW2302-0174$b00$c20230223$lBLL01$h2005

