=LDR  02006cas a2200541 a 4500
=001  017656800
=003  Uk
=005  20230223162512.0
=006  m\\\\\|\\d\|\\\\\\
=007  cr\|||||||||||
=008  800613c18149999ne\dr\p\\\\\\f0\\\b0dut\\
=FMT  \\$a  SE
=022  0\$y0920-1424
=040  \\$aUk$beng$cUk
=042  \\$aukblsr
=082  04$a351.492$223
=110  1\$aNetherlands.
=245  10$aNederlandsche staats-courant, voor de maanden
=246  1\$aNederlandsche staatscourant
=246  1\$iIssues for 1947-1984; 2000-2001 have title:$aNederlandse staatscourant
=246  13$aNederlandse staats-courant
=246  1\$iMinor title change:$aStaatscourant,$f1985-1999; 2001-
=246  1\$iTranslated title:$aLegal gazette
=264  \1$a's Gravenhage :$b[Publisher not identified],$c[1814]-
=310  \\$aDaily
=336  \\$atext$2rdacontent
=337  \\$acomputer$2rdamedia
=338  \\$aonline resource$2rdacarrier
=362  1\$aPrint began with: January 1, 1814.
=490  0\$aOfficiële bekendmakingen : vandaag
=500  \\$a"Officiëlle uitgave van het Koninkrijk der Nederlanden," <1985>-
=588  \\$aDescription based on print version record.
=588  \\$aLatest issue consulted: Nr. 43046 (8 december 2015) (verheid.nl, viewed December 8, 2015).
=650  \0$aGazettes$zNetherlands.
=650  \0$aLaw$zNetherlands.
=650  17$aRecht.$2gtt
=655  \7$aOfficial gazettes.$2fast$0(OCoLC)fst01774292
=856  40$uhttps://www.officielebekendmakingen.nl/staatscourant$yOfficial gazette
=859  \\$aXLD$bNon-UK official document
=985  \\$aIN PROGRESS. OFFICIAL GAZETTES EXPERIMENT
=985  \\$aUpdated by MS generated file for WR2302-017
=CAT  \\$a3072$b40$c20151208$lBLL01$h1717
=CAT  \\$a3072$b40$c20160113$lBLL01$h1630
=CAT  \\$a3072$b40$c20160113$lBLL01$h1725
=CAT  \\$aW1606-1753$c20171029$lBLL01$h1348
=CAT  \\$aW2302-0174$c20230223$lBLL01$h2005
=SID  \\$aZ39$bLOC
=LAS  \\$aW2302-0174$b00$c20230223$lBLL01$h2005

