=LDR  02900cas a2200625 a 4500
=001  017706088
=003  Uk
=005  20230223162540.0
=006  m\\\\\|\\d\|\\\\\\
=007  cr\|||||||||||
=008  150227c18169999ne\dr\\\\\l\\f0\\\b0dut\\
=FMT  \\$a  SE
=022  \\$y0920-2064
=040  \\$aUk$beng$cUk
=042  \\$aukblsr
=082  04$a351.492$223
=110  1\$aNetherlands.
=222  \0$aStaatsblad van het Koningrijk der Nederlanden
=245  10$aStaatsblad van het Koningrijk der Nederlanden.
=246  1\$iIssues for 1883- have title:$aStaatsblad van het Koninkrijk der Nederlanden
=246  1\$iTranslated title:$aAdministrative gazette
=264  \1$a's-Gravenhage,$bAlgemeene Lands Drukkerij,$c1816-
=264  31$a's Gravenhage :$b[Publisher not identified]
=310  \\$aDaily
=336  \\$atext$2rdacontent
=337  \\$acomputer$2rdamedia
=338  \\$aonline resource$2rdacarrier
=362  1\$aPrint began with Nr. 1 (4 den jan. 1816).
=490  0\$aOfficiële bekendmakingen : vandaag
=500  \\$aImprint varies.
=515  \\$aNumbering restarts every year.
=515  \\$aIssues for May 16, 1940-Mar. 8, 1945 issued by the Netherlands under German occupation. These issues are numbered with an "S" at the front.
=515  \\$aThe Netherlands government in exile in London also continued to publish this title from May 24, 1940 until early 1945.These issues are designated with different letters at the start of the issue number for each year. The letter "A" corresponds to issues for 1940, "B" for 1941, etc. This practice continued after the end of World War 2 until 1950. Issues for 1950 have the letter "K".
=588  \\$aDescription based on print version record.
=588  \\$aLatest issue consulted: 21 (jaarg. 2016) (verheid.nl, viewed January 13, 2016).
=650  \0$aGazettes$zNetherlands.
=650  \0$aLaw$zNetherlands.
=651  \0$aNetherlands$xPolitics and government$vPeriodicals.
=650  \7$aLaw.$2fast$0(OCoLC)fst00993678
=651  \7$aNetherlands.$2fast$0(OCoLC)fst01204034
=650  12$aJurisprudence$zNetherlands$vPeriodicals.
=655  \7$aOfficial gazettes.$2fast$0(OCoLC)fst01774292
=776  08$iPrint version:$aNetherlands.$tStaatsblad van het Koningrijk der Nederlanden$x0920-2064
=780  00$aNetherlands.$tStaatsblad der Verëenigde Nederlanden
=856  40$uhttps://www.officielebekendmakingen.nl/staatsblad$yOfficial gazette
=859  \\$aXLD$bNon-UK official document
=985  \\$aIN PROGRESS. OFFICIAL GAZETTES EXPERIMENT
=985  \\$aUpdated by MS generated file for WR2302-017
=CAT  \\$a3072$b40$c20160113$lBLL01$h1543
=CAT  \\$a3072$b40$c20160113$lBLL01$h1629
=CAT  \\$a3072$b40$c20160113$lBLL01$h1730
=CAT  \\$aW1606-1753$c20171029$lBLL01$h1349
=CAT  \\$aW2302-0174$c20230223$lBLL01$h2006
=SID  \\$aZ39$bOCLC
=LAS  \\$aW2302-0174$b00$c20230223$lBLL01$h2006

