=LDR  02145cas a2200541 i 4500
=001  017706150
=003  Uk
=005  20230223162540.0
=006  m\\\\\o\\d\\\\\\\\
=007  cr\|||||||||||
=008  111111c19909999pl\\x\\\ol\\\f0\\\b0pol\d
=FMT  \\$a  SE
=022  0\$y0867-3411$y1689-3336
=035  \\$a(OCoLC)760354170
=040  \\$aOCLCE$beng$cOCLCE$dOCLCQ$dOCLCF$dOCLCO$dUk
=042  \\$aukblsr
=043  \\$ae-pl---
=050  \4$aKKP12$b.P65
=082  04$a351.438$223
=110  1\$aPoland.
=222  \0$aDziennik Ustaw Rzeczypospolitej Polskiej$b(1990)
=245  10$aDziennik ustaw Rzeczypospolitej Polskiej$h[electronic resource].
=260  \\$aWarszawa :$bUrząd Rady Ministrów,$c1990-
=310  \\$aIrregular
=336  \\$atext$2rdacontent
=337  \\$acomputer$2rdamedia
=338  \\$aonline resource$2rdacarrier
=362  0\$aDnia 1. stycznia 1990 r.-
=500  \\$aTitle from caption.
=515  \\$aNumbering starts with nr 1 each year.
=588  \\$aDescription based on print version record.
=650  \0$aLaw$zPoland.
=650  \7$aLaw.$2fast$0(OCoLC)fst00993678
=651  \7$aPoland.$2fast$0(OCoLC)fst01206891
=655  \7$aOfficial gazettes.$2fast$0(OCoLC)fst01774292
=776  08$iPrint version, -2011:$aPoland.$tDziennik ustaw Rzeczypospolitej Polskiej$x0867-3411
=780  00$aPoland.$tDziennik ustaw Polskiej Rzeczypospolitej Ludowej
=856  40$uhttp://www.dziennikustaw.gov.pl/$yOfficial gazette
=859  \\$aXLD$bNon-UK official document
=985  \\$awas in 240: Laws, etc. (Dziennik ustaw Rzeczypospolitej Polskiej : 1990); was in 780{dollar}sLaws, etc. (Dziennik ustaw Polskiej Rzeczypospolitej Ludowej).
=985  \\$aIN PROGRESS. OFFICIAL GAZETTES EXPERIMENT
=985  \\$aUpdated by MS generated file for WR2302-017
=CAT  \\$a3072$b40$c20160113$lBLL01$h1724
=CAT  \\$aW1606-1753$c20171029$lBLL01$h1349
=CAT  \\$aW2302-0174$c20230223$lBLL01$h2006
=LKR  \\$aPAR$b007843855$lBLL01$r776$mDziennik ustaw Rzeczypospolitej Polskiej (Online)$nDziennik ustaw Rzeczypospolitej Polskiej (Print)
=SID  \\$aZ39$bOCLC
=LAS  \\$aW2302-0174$b00$c20230223$lBLL01$h2006

