=LDR  02666cas a2200649 i 4500
=001  017706680
=003  Uk
=005  20230223162541.0
=006  m\\\\\\\\d\\\\\\\\
=007  cr\|n|||||||||
=008  030318c20039999lu\dx\\\ol\\\i0\\\a0eng\d
=FMT  \\$a  SE
=010  \\$a  2003235256
=022  0\$y1725-2555$y1977-0677
=030  \\$aOJEUAR
=035  \\$a(OCoLC)232115603
=040  \\$aNz$beng$cUX0$dOCLCQ$dOCLCO$dUk
=042  \\$aukblsr
=043  \\$ae------
=050  00$aKJE908$b.L44
=082  04$a352.114$223
=245  00$aOfficial journal of the European Union.$pLegislation$h[electronic resource].
=246  30$aLegislation
=250  \\$aEnglish ed.
=260  \\$aLuxembourg :$bOffice for Official Publications of the European Communities,$c2003-
=310  \\$aDaily (irregular)
=336  \\$atext$2rdacontent
=337  \\$acomputer$2rdamedia
=338  \\$aonline resource$2rdacarrier
=362  0\$aVol. 46, L27 (1 Feb. 2003)-
=500  \\$aTitle from cover.
=510  0\$aChemical abstracts,$x0009-2258
=516  \\$aText (electronic journal).
=546  \\$aIssued also in the other official languages of the Communities.
=588  \\$aDescription based on print version record.
=588  \\$aLatest issue consulted: volume 59 , L011I (16 January 2016) (EUR-Lex, viewed January 18, 2016).
=650  \0$aGazettes$zEuropean Union countries.
=650  \0$aLaw$zEuropean Union countries$vPeriodicals.
=655  \7$aOfficial gazettes.$2fast$0(OCoLC)fst01774292
=710  2\$aDow Jones Reuters Business Interactive LLC.
=776  08$iCD-ROM version, -2013:$tOfficial journal of the European Union. L & C, Legislation, information and notices$x1725-4191
=776  08$iPrint version, -2013:$tOfficial journal of the European Union. Legislation$x1725-2555
=780  00$tOfficial journal of the European Communities. Legislation
=856  40$uhttp://eur-lex.europa.eu/oj/direct-access.html?locale=en$yOfficial gazette
=859  \\$aXLD$bNon-UK official document
=985  \\$aIN PROGRESS. OFFICIAL GAZETTES EXPERIMENT
=985  \\$aUpdated by MS generated file for WR2302-017
=CAT  \\$a3072$b40$c20160114$lBLL01$h1725
=CAT  \\$a3072$b40$c20160118$lBLL01$h1637
=CAT  \\$a3072$b40$c20160118$lBLL01$h1640
=CAT  \\$a3072$b40$c20160118$lBLL01$h1648
=CAT  \\$a3072$b40$c20160121$lBLL01$h1453
=CAT  \\$aW1606-1753$c20171029$lBLL01$h1349
=CAT  \\$aW2302-0174$c20230223$lBLL01$h2006
=LKR  \\$aPAR$b014873356$lBLL01$r775$mOfficial journal of the European Union.$nOfficial journal of the European Union. Legislation
=SID  \\$aZ39$bOCLC
=LAS  \\$aW2302-0174$b00$c20230223$lBLL01$h2006

