=LDR  02359cas a2200565 a 4500
=001  017713134
=003  Uk
=005  20230223162545.0
=006  m\\\\\|\\d\|\\\\\\
=007  cr\|||||||||||
=008  980318c19989999hu\wr\p\\\\\\\0\\\b0hun\\
=FMT  \\$a  SE
=022  \\$a2063-0387
=040  \\$aUk$beng$cUk
=042  \\$aukblsr
=082  04$a351.439$223
=110  1\$aHungary.
=222  \0$aHivatalos értesítő,$bMiniszterelnöki Hivatal.
=240  10$aHivatalos értesítő (Online)
=245  10$aHivatalos értesítő :$ba Magyar közlöny melléklete.
=260  \\$aBudapest :$bMagyar Hivatalos Közlönykiadó,$c1998-
=260  2\$32008-$aBudapest :$bMagyar Közlöny Lap- és Könyvkiadó
=264  31$aBudapest :$bIgazságügyi Minisztérium
=310  \\$aWeekly
=336  \\$atext$2rdacontent
=337  \\$acomputer$2rdamedia
=338  \\$aonline resource$2rdacarrier
=362  1\$aPrint began with 1. évf. [0.] sz. (1997. dec. 17.) ; 1. évf. 1. sz. (1998. jan. 28.)-
=588  \\$aDescription based on print version record.
=588  \\$aLatest issue consulted: 2016, szám 2 (január 13, szerda) (viewed January 20, 2016).
=550  \\$aIssued by: Miniszterelnöki Hivatal.
=650  \0$aGazettes$zHungary.
=650  \0$aGovernment publications$zHungary.
=655  \7$aOfficial gazettes.$2fast$0(OCoLC)fst01774292
=710  1\$aHungary.$bMiniszterelnöki Hivatal.
=772  0\$aHungary.$tMagyar közlöny (Online)$x2063-0379
=776  08$iPrint version:$aHungary.$tHivatalos értesítő$x1418-0588
=856  40$uhttp://www.magyarkozlony.hu/$yOfficial gazette
=859  \\$aXLD$bNon-UK official document
=985  \\$aIN PROGRESS. OFFICIAL GAZETTES EXPERIMENT
=985  \\$aUpdated by MS generated file for WR2302-017
=CAT  \\$a3072$b40$c20160120$lBLL01$h1624
=CAT  \\$a3072$b40$c20160120$lBLL01$h1637
=CAT  \\$a3072$b40$c20160120$lBLL01$h1704
=CAT  \\$aW1606-1753$c20171029$lBLL01$h1349
=CAT  \\$aW2302-0174$c20230223$lBLL01$h2006
=CAT  \\$aBATCH-UPD$b00$c20230902$lBLL01$h2231
=LKR  \\$aPAR$b015177387$lBLL01$r776$mHivatalos értesítő (Online)$nHivatalos értesítő (Print)
=LKR  \\$aPAR$b017650160$lBLL01$r772$mHivatalos értesítő (Online)$nMagyar közlöny (Online)
=LAS  \\$aBATCH-UPD$b00$c20230902$lBLL01$h2231

