=LDR  02771cas a2200697 i 4500
=001  017858481
=003  Uk
=005  20230223162914.0
=006  m\\\\\\\\d\\\\\\\\
=007  cr||||||||||||
=008  100401c19489999ko\dx\\\ol\\\f0\\\k0kor\d
=FMT  \\$a  SE
=035  \\$a(OCoLC)592431922
=040  \\$aOCLCE$beng$cOCLCE$dOCLCQ$dOCLCO$dOCLCA$dOCLCF$dOCL$dUk
=041  \\$akor
=042  \\$aukblsr
=043  \\$aa-ko---
=050  \4$aKPA7$b.K66
=082  04$a351.49519$223
=110  1\$aKorea (South)
=240  10$aKwanbo (1948)
=245  10$6880-01$aKwanbo$h[electronic resource].
=260  \\$6880-02$a[Seoul] :$bKongbobu,$c1948-
=310  \\$aDaily (irregular)
=336  \\$atext$2rdacontent
=337  \\$acomputer$2rdamedia
=338  \\$aonline resource$2rdacarrier
=362  0\$aChe 1-ho-
=500  \\$aPublisher varies: Sept. 1948-Feb. 1955, Taehan Min'guk Chŏngbu Kongboch'ŏ ; Feb. 1955-June 1960, Kongbosil ; July, 1960-May, 1961, Kungmuwŏn Samuch'ŏ; <Dec. 2000-> by Haengjŏng Chach'ibu.
=520  \\$aContains laws, presidential decrees, ministerial regulations, personnel changes, documents, notices, instructions and treaties.
=515  \\$aSome numbers are accompanied by frequent supplements called h̋ooe.̋
=588  \\$aDescription based on print version record.
=650  \0$aGazettes$zKorea (South)
=650  \0$aLaw$zKorea (South)
=651  \0$aKorea (South)$xPolitics and government$y1948-$vPeriodicals.
=650  \7$aGazettes.$2fast$0(OCoLC)fst00939356
=650  \7$aLaw.$2fast$0(OCoLC)fst00993678
=650  \7$aPolitics and government.$2fast$0(OCoLC)fst01919741
=651  \7$aKorea (South)$2fast$0(OCoLC)fst01206791
=648  \7$aSince 1948$2fast
=655  \7$aOfficial gazettes.$2fast$0(OCoLC)fst01774292
=655  \7$aPeriodicals.$2fast$0(OCoLC)fst01411641
=710  1\$aKorea (South).$bKongbobu.
=710  1\$aKorea (South).$bHaengjŏng Chach'ibu.
=776  08$iPrint version, -2010:$aKorea (South)$sKwanbo (1948)
=856  40$uhttp://gwanbo.mois.go.kr/main.do$yOfficial gazette
=859  \\$aXLD$bNon-UK official document
=880  10$6245-01$a官報$h[electronic resource].
=880  \\$6260-02$a[Seoul] :$b공보부,$c1948-
=985  \\$aUpdated by MS generated file for WR2302-017
=CAT  \\$a3072$b40$c20160525$lBLL01$h1644
=CAT  \\$a3072$b40$c20160525$lBLL01$h1645
=CAT  \\$a3072$b40$c20160525$lBLL01$h1658
=CAT  \\$a3072$b40$c20160525$lBLL01$h1700
=CAT  \\$aW1606-1753$c20171029$lBLL01$h1350
=CAT  \\$a11279$b40$c20180713$lBLL01$h1222
=CAT  \\$aW2302-0174$c20230223$lBLL01$h2009
=FIN  \\$aY$d20160525
=LKR  \\$aPAR$b011117556$lBLL01$r776$mKwanbo$nKwanbo.
=SID  \\$aZ39$bOCLC
=LAS  \\$aW2302-0174$b00$c20230223$lBLL01$h2009

