=LDR  03027cai a2200661 a 4500
=001  016881183
=003  Uk
=005  20230223161957.0
=006  m\\\\\|\\d\|\\\\\\
=007  cr\|||||||||||
=008  141002c19979999au\uu\d\o\\\\\0\\\a2ger\\
=FMT  \\$a  SE
=040  \\$aEUM$cEUM$dUk
=041  0\$ager$beng
=042  \\$aukblsr
=082  04$a351.43605$223
=110  1\$aAustria,$eenacting jurisdiction.
=245  10$aRechtsinformationssystem$h[electronic resource] /$cBundeskanzleramt.
=246  13$aBundeskanzleramt Rechtsinformationssystem
=246  3\$aRIS
=260  \\$aWien :$bBundeskanzleramt
=336  \\$atext$2rdacontent
=337  \\$acomputer$2rdamedia
=338  \\$aonline resource$2rdacarrier
=500  \\$aTitle from home page (viewed October 2, 2014).
=520  \\$aOfficial web pages of the Legal Information System of the Republic of Austria, co-ordinated and operated by the Austrian Federal Chancellery. Offers free access to full text of: Bundesgesetzblatt (Federal Law Gazette) from 2004 to date and its predecessors: Bundesgesetzblatt 1945-2003; Staatsgesetzblatt 1945; Reichs-, Staats-, und Bundesgesetzblatt 1948-1940. Also includes access to the case law, with full-text of the rulings of the Administrative Court, the Constitutional Court, and the norm list of the Administrative Court.
=546  \\$aThe site interface and content are predominantly in German; some English information is presented in parallel to the German, and there are help pages, and a description of search methods, in English.
=650  \0$aGazettes$zAustria.
=650  \0$aLaw$zAustria.
=650  \4$aGovernment publications.
=650  \7$aGazettes.$2fast$0(OCoLC)fst00939356
=650  \7$aLaw.$2fast$0(OCoLC)fst00993678
=651  \7$aAustria.$2fast$0(OCoLC)fst01204901
=655  \7$aOfficial gazettes.$2fast$0(OCoLC)fst01774292
=710  1\$aAustria.$bBundeskanzleramt,$eissuing body.
=710  12$aAustria.$tLaws, etc. (Bundesgesetzblatt)
=856  40$uhttp://www.ris.bka.gv.at/Bund/$yOfficial gazette
=859  \\$aXLD$bNon-UK official document
=985  \\$aUpdated by MS generated file for WR2302-017
=CAT  \\$a3072$b40$c20141002$lBLL01$h1220
=CAT  \\$a3072$b40$c20141002$lBLL01$h1221
=CAT  \\$a3072$b40$c20141002$lBLL01$h1329
=CAT  \\$a3072$b40$c20141002$lBLL01$h1344
=CAT  \\$a3072$b40$c20141002$lBLL01$h1345
=CAT  \\$a3072$b40$c20141013$lBLL01$h1553
=CAT  \\$a3072$b40$c20141014$lBLL01$h1639
=CAT  \\$a3072$b40$c20141014$lBLL01$h1642
=CAT  \\$a3072$b40$c20141014$lBLL01$h1643
=CAT  \\$a3072$b40$c20141120$lBLL01$h1635
=CAT  \\$a3072$b40$c20141222$lBLL01$h1720
=CAT  \\$a3072$b40$c20141223$lBLL01$h1531
=CAT  \\$a3072$b40$c20180627$lBLL01$h1138
=CAT  \\$a3072$b40$c20180627$lBLL01$h1336
=CAT  \\$a3072$b40$c20180628$lBLL01$h0954
=CAT  \\$a3072$b40$c20180628$lBLL01$h0955
=CAT  \\$aW2302-0174$c20230223$lBLL01$h2001
=FIN  \\$aY$d20180627
=LAS  \\$aW2302-0174$b00$c20230223$lBLL01$h2001

