=LDR  02624cas a2200685 a 4500
=001  016889672
=003  Uk
=005  20230223162000.0
=006  m\\\\\|\\d\|\\\\\\
=007  cr\|||||||||||
=008  040409c181u9999mm\\x\\\\\\\\o0\\\a0eng\\
=FMT  \\$a  SE
=040  \\$aUk$beng$cUk
=041  0\$aeng$aita$amlt
=042  \\$aukblsr
=082  04$a351.458505$223
=110  1\$aMalta.
=245  10$aMalta government gazette$h[electronic resource].
=246  1\$iMaltese title added <Sept. 23, 1964>-$aGazetta tal-Gvern ta' Malta
=246  13$aGovernment gazette
=260  \\$a[Valletta] :$b[G.P.O.]
=264  31$aValletta :$bDipartiment tal-Informazzjoni
=310  \\$aIrregular
=336  \\$atext$2rdacontent
=337  \\$acomputer$2rdamedia
=338  \\$aonline resource$2rdacarrier
=362  1\$aPrint began in 1812?
=525  \\$aHas supplements.
=555  \\$aWeb site includes annual indexes.
=546  \\$aIn English and Italian in the early years, English and Maltese in later years.
=588  \\$aDescription based on print version record.
=588  \\$aLatest issue consulted: no. 19,449 (Tuesday, 7th July 2015) (viewed July 7, 2015).
=650  \0$aGazettes$zMalta.
=650  \0$aLaw$zMalta.
=655  \7$aOfficial gazettes.$2fast$0(OCoLC)fst01774292
=776  08$iPrint version:$aMalta.$tMalta government gazette
=856  40$uhttps://www.gov.mt/en/Government/Government%20Gazette/Pages/Gazzette-Repository.aspx$yOfficial gazette
=859  \\$aXLD$bNon-UK official document
=985  \\$aUpdated by MS generated file for WR2302-017
=CAT  \\$a3072$b40$c20141013$lBLL01$h1659
=CAT  \\$a3072$b40$c20141013$lBLL01$h1700
=CAT  \\$a3072$b40$c20141014$lBLL01$h1215
=CAT  \\$a3072$b40$c20141014$lBLL01$h1551
=CAT  \\$a3072$b40$c20141014$lBLL01$h1604
=CAT  \\$a3072$b40$c20141014$lBLL01$h1606
=CAT  \\$a3072$b40$c20141014$lBLL01$h1649
=CAT  \\$a3072$b40$c20141223$lBLL01$h1603
=CAT  \\$a3072$b40$c20150629$lBLL01$h1516
=CAT  \\$a3072$b40$c20150629$lBLL01$h1520
=CAT  \\$a3072$b40$c20150629$lBLL01$h1604
=CAT  \\$a3072$b40$c20150629$lBLL01$h1745
=CAT  \\$a3072$b40$c20150707$lBLL01$h1503
=CAT  \\$a3072$b40$c20150708$lBLL01$h1207
=CAT  \\$a3072$b40$c20150708$lBLL01$h1210
=CAT  \\$a3072$b40$c20150708$lBLL01$h1346
=CAT  \\$aW1606-1753$c20171028$lBLL01$h1603
=CAT  \\$aW2302-0174$c20230223$lBLL01$h2001
=FIN  \\$aY$d20150629
=LKR  \\$aPAR$b011132296$lBLL01$r776$mMalta government gazette (Online)$nMalta government gazette (Print)
=LAS  \\$aW2302-0174$b00$c20230223$lBLL01$h2001

