=LDR  02478cas a2200637 a 4500
=001  016890108
=003  Uk
=005  20230223162000.0
=006  m\\\\\|\\d\|\\\\\\
=007  cr\|||||||||||
=008  141014c19199999ic\\x\\\o\\\\o0\\\a0ice\\
=FMT  \\$a  SE
=040  \\$aUk$beng$cUk$dUk
=042  \\$aukblsr
=082  04$a351.491205$223
=110  1\$aIceland.
=245  10$aStjórnatíðindi$h[electronic resource].
=246  13$aOfficial journal of the law and the official gazette
=260  \\$aReykjavík :$b[s.n.]
=264  31$a[Reykjavík] :$bGutenberg
=310  \\$aIrregular
=336  \\$atext$2rdacontent
=337  \\$acomputer$2rdamedia
=338  \\$aonline resource$2rdacarrier
=362  1\$aPrint began in 1919.
=588  \\$aDescription based on print version record.
=515  \\$aIssued in parts designated A, B, and beginning in 1962, C. (Part A. Statutes, ordinances and regulations, Part B. Subordinate legislation, and Part C. International agreements).
=650  \0$aGazettes$zIceland.
=650  \0$aLaw$zIceland.
=651  \0$aIceland$xForeign relations$xTreaties.
=655  \7$aOfficial gazettes.$2fast$0(OCoLC)fst01774292
=710  1\$aIceland.$bDómsmálaraðuneytið,$eissuing body.
=776  08$iPrint version, -2005:$aIceland.$sStjórnatíðindi
=856  40$uhttp://stjornartidindi.is/$yOfficial gazette
=859  \\$aXLD$bNon-UK official document
=985  \\$aVelkomin á stjórnatíðindi = Welcome to ...
=985  \\$aNot taken in print since 2002.
=985  \\$aUpdated by MS generated file for WR2302-017
=CAT  \\$a3072$b40$c20141014$lBLL01$h1620
=CAT  \\$a3072$b40$c20141014$lBLL01$h1624
=CAT  \\$a3072$b40$c20141014$lBLL01$h1649
=CAT  \\$a3072$b40$c20141120$lBLL01$h1647
=CAT  \\$a11279$b40$c20141201$lBLL01$h1536
=CAT  \\$a3072$b40$c20150629$lBLL01$h1716
=CAT  \\$a3072$b40$c20150706$lBLL01$h1549
=CAT  \\$a3072$b40$c20150706$lBLL01$h1552
=CAT  \\$a3072$b40$c20150708$lBLL01$h1459
=CAT  \\$a3072$b40$c20150708$lBLL01$h1809
=CAT  \\$a3072$b40$c20150708$lBLL01$h1812
=CAT  \\$a3072$b40$c20150713$lBLL01$h1056
=CAT  \\$a3072$b40$c20150713$lBLL01$h1058
=CAT  \\$aW1606-1753$c20171028$lBLL01$h1603
=CAT  \\$aW2302-0174$c20230223$lBLL01$h2001
=FIN  \\$aY$d20150708
=LKR  \\$aPAR$b001787451$lBLL01$r776$mStjórnatíðindi (Online)$nStjórnatíðindi (Print)
=LAS  \\$aW2302-0174$b00$c20230223$lBLL01$h2001

