=LDR  02524cas a2200601 a 4500
=001  016950211
=003  Uk
=005  20230223162017.0
=006  m\\\\\|\\d\|\\\\\\
=007  cr\|||||||||||
=008  141120c19369999sp\dx\p\o\\\\o0\\\a0spa\\
=FMT  \\$a  SE
=022  \\$y0212-033X
=040  \\$aUk$beng$cUk
=042  \\$aukblsr
=082  04$a351.4605$223
=110  1\$aSpain.
=245  10$aBoletin oficial del estado$h[electronic resource].
=246  1\$iAt head of title:$aBOE
=260  \\$aMadrid :$bMinisterio de la Presidencia
=264  31$aMadrid :$bAgencia Estatal Boletin Oficial del Estado
=310  \\$aDaily, except Sunday
=336  \\$atext$2rdacontent
=337  \\$acomputer$2rdamedia
=338  \\$aonline resource$2rdacarrier
=362  1\$aPrint began in 1936.
=525  \\$aSupplements accompany some issues.
=588  \\$aDescription based on print version record.
=588  \\$aLatest issue consulted: Num. 160 (lunes 6 de julio de 2015) (viewed July 6, 2015).
=650  \0$aGazettes$zSpain.
=650  \0$aLaw$zSpain.
=655  \7$aOfficial gazettes.$2fast$0(OCoLC)fst01774292
=710  1\$aSpain.$bAgencia Estatal Boletín Oficial del Estado,$eissuing body.
=776  08$iPrint version, -2008?:$aSpain.$tBoletín oficial del Estado$x0212-033X
=776  08$iCD-ROM version, -2008?:$aSpain.$sBoletín oficial del estado (CD-ROM)$x1138-7432
=776  08$iDVD-ROM version, -2008?$aSpain.$sBoletín oficial del estado (DVD-ROM)$x1577-8681
=856  4\$uhttp://www.boe.es/diario_boe/$yOfficial gazette
=859  \\$aXLD$bNon-UK official document
=985  \\$aUpdated by MS generated file for WR2302-017
=CAT  \\$a3072$b40$c20141120$lBLL01$h1508
=CAT  \\$a3072$b40$c20141120$lBLL01$h1509
=CAT  \\$a3072$b40$c20150706$lBLL01$h1644
=CAT  \\$a3072$b40$c20150706$lBLL01$h1645
=CAT  \\$a3072$b40$c20150706$lBLL01$h1647
=CAT  \\$a3072$b40$c20150706$lBLL01$h1648
=CAT  \\$a3072$b40$c20150706$lBLL01$h1712
=CAT  \\$a11279$b40$c20160921$lBLL01$h1043
=CAT  \\$aW1606-1753$c20171028$lBLL01$h1604
=CAT  \\$aW2302-0174$c20230223$lBLL01$h2002
=LKR  \\$aPAR$b013760370$lBLL01$r776$mBoletin oficial del estado (Online)$nBoletín oficial del Estado (Print)
=LKR  \\$aPAR$b014677849$lBLL01$r7761$mBoletín oficial del Estado$nBoletín oficial del Estado (DVD-ROM)
=LKR  \\$aPAR$b010529795$lBLL01$r7761$mBoletín oficial del Estado$nBoletín oficial del Estado (CD-ROM)
=LAS  \\$aW2302-0174$b00$c20230223$lBLL01$h2002

