=LDR  02528cas a2200625 a 4500
=001  017188610
=003  Uk
=005  20230223162131.0
=006  m\\\\\o\\d\\\\\\\\
=007  cr||||||||||||
=008  110313c19929999aa\uu\\\ol\\\f0\\\b0alb\d
=FMT  \\$a  SE
=022  \\$a2313-7274
=035  \\$a(OCoLC)707072214
=040  \\$aOCLCE$beng$cOCLCE$dOCLCQ$dOCLCF$dOCLCO$dUk
=042  \\$aukblsr
=043  \\$ae-aa---
=050  \4$aKJG7$b.F57
=082  04$a351.496505$223
=110  1\$aAlbania.
=222  \0$aFletorja zyrtare e Republikës së Shqipërisë$b(Online)
=245  10$aFletorja zyrtare e Republikës së Shqipërisë$h[electronic resource] :$bbotim i Kuvendit Popullor.
=260  \\$aTiranë :$bKuvendi,$c1993-
=336  \\$atext$2rdacontent
=337  \\$acomputer$2rdamedia
=338  \\$aonline resource$2rdacarrier
=362  0\$a1992, nr. 1-
=500  \\$aSubtitle varies: Botim i Kuvendit, <1998, nr. 30 (Dhjetor 1998)>-1999, nr. 31 (Nëntor 1999); Botim i Qendrës së Publikimeve Zyrtare, 1999, nr. 32 (Dhjetor 1999)-
=500  \\$aImprint varies; published: Tiranë : Qendra e Publikimeve Zyrtare, <Janar 2001->
=580  \\$aComplemented by: Index of legal acts of Albania.
=588  \\$aDescription based on print version record; title from caption.
=588  \\$aLatest issue consulted: 2003, nr. 10 (Mars 2003).
=650  \0$aGazettes$zAlbania.
=650  \0$aLaw$zAlbania.
=650  \7$aGazettes.$2fast$0(OCoLC)fst00939356
=650  \7$aLaw.$2fast$0(OCoLC)fst00993678
=651  \7$aAlbania.$2fast$0(OCoLC)fst01226682
=655  \7$aOfficial gazettes.$2fast$0(OCoLC)fst01774292
=710  1\$aAlbania.$bKuvendi.
=730  0\$aIndex of legal acts of Albania.
=776  08$iAlso issued in print as:$aAlbania.$tFletorja zyrtare e Republikës së Shqipërisë$x2313-6731
=780  00$aAlbania.$tGazeta zyrtare e Republikës Popullore Socialiste të Shqipërisë
=787  1\$tIndex of legal acts of Albania
=856  40$uhttp://www.qbz.gov.al$yOfficial gazette
=859  \\$aXLD$bNon-UK official document
=985  \\$aUpdated by MS generated file for WR2302-017
=CAT  \\$a3072$b40$c20150507$lBLL01$h1700
=CAT  \\$a3072$b40$c20150507$lBLL01$h1704
=CAT  \\$a3072$b40$c20150624$lBLL01$h1440
=CAT  \\$a3072$b40$c20150624$lBLL01$h1506
=CAT  \\$aW1606-1753$c20171028$lBLL01$h1605
=CAT  \\$aW2302-0174$c20230223$lBLL01$h2003
=FIN  \\$aY$d20150624
=SID  \\$aZ39$bOCLC
=LAS  \\$aW2302-0174$b00$c20230223$lBLL01$h2003

